@String(PAMI = {IEEE Trans. Pattern Anal. Mach. Intell.})
@String(IJCV = {Int. J. Comput. Vis.})
@String(CVPR= {IEEE Conf. Comput. Vis. Pattern Recog.})
@String(ICCV= {Int. Conf. Comput. Vis.})
@String(ECCV= {Eur. Conf. Comput. Vis.})
@String(NIPS= {Adv. Neural Inform. Process. Syst.})
@String(ICPR = {Int. Conf. Pattern Recog.})
@String(BMVC= {Brit. Mach. Vis. Conf.})
@String(TOG= {ACM Trans. Graph.})
@String(TIP  = {IEEE Trans. Image Process.})
@String(TVCG  = {IEEE Trans. Vis. Comput. Graph.})
@String(TMM  = {IEEE Trans. Multimedia})
@String(ACMMM= {ACM Int. Conf. Multimedia})
@String(ICME = {Int. Conf. Multimedia and Expo})
@String(ICASSP=	{ICASSP})
@String(ICIP = {IEEE Int. Conf. Image Process.})
@String(ACCV  = {ACCV})
@String(ICLR = {Int. Conf. Learn. Represent.})
@String(IJCAI = {IJCAI})
@String(PR   = {Pattern Recognition})
@String(AAAI = {AAAI})
@String(CVPRW= {IEEE Conf. Comput. Vis. Pattern Recog. Worksh.})
@String(CSVT = {IEEE Trans. Circuit Syst. Video Technol.})

@String(SPL	= {IEEE Sign. Process. Letters})
@String(VR   = {Vis. Res.})
@String(JOV	 = {J. Vis.})
@String(TVC  = {The Vis. Comput.})
@String(JCST  = {J. Comput. Sci. Tech.})
@String(CGF  = {Comput. Graph. Forum})
@String(CVM = {Computational Visual Media})


@String(PAMI  = {IEEE TPAMI})
@String(IJCV  = {IJCV})
@String(CVPR  = {CVPR})
@String(ICCV  = {ICCV})
@String(ECCV  = {ECCV})
@String(NIPS  = {NeurIPS})
@String(ICPR  = {ICPR})
@String(BMVC  =	{BMVC})
@String(TOG   = {ACM TOG})
@String(TIP   = {IEEE TIP})
@String(TVCG  = {IEEE TVCG})
@String(TCSVT = {IEEE TCSVT})
@String(TMM   =	{IEEE TMM})
@String(ACMMM = {ACM MM})
@String(ICME  =	{ICME})
@String(ICASSP=	{ICASSP})
@String(ICIP  = {ICIP})
@String(ACCV  = {ACCV})
@String(ICLR  = {ICLR})
@String(IJCAI = {IJCAI})
@String(PR = {PR})
@String(AAAI = {AAAI})
@String(CVPRW= {CVPRW})
@String(CSVT = {IEEE TCSVT})



@misc{Authors14,
 author = {FirstName LastName},
 title = {The frobnicatable foo filter},
 note = {Face and Gesture submission ID 324. Supplied as supplemental material {\tt fg324.pdf}},
 year = 2014
}

@article{YOLOpaper1,
author = {Meo Vincent C. Caya, Miguel Ephraim C. Caringal, \and Khristopher Allen C. Manuel},
title = {Tongue Biometrics Extraction Based on YOLO Algorithm and CNN Inception},
doi = {10.1109/UEMCON47517.2019.8992980},
booktitle = {2021 IEEE 13th International Conference on Humanoid, Nanotechnology, Information Technology, Communication and Control, Environment, and Management (HNICEM)},
pages = {xxxx},
year = 2021,
journal = {IEEE},
}

@article{YOLOpaper2,
author = {Lina J. Karam \and Tong Zhu},
title = {Quality labeled faces in the wild (QLFW): a database for studying face recognition in real-world environments},
doi = {10.1109/UEMCON47517.2019.8992980},
booktitle = {Human Vision and Electronic Imaging XX},
pages = {xxxx},
year = 2015,
journal = {SPIE},
}
@article{YOLOpaper3,
author = {Tsung-Yi Lin, Michael Maire, Serge Belongie, James Hays, Pietro Perona, Deva Ramanan, Piotr Doll√°r \and C. Lawrence Zitnick},
title = {Microsoft COCO: Common Objects in Context},
doi = {10.1109/UEMCON47517.2019.8992980},
booktitle = {LNIP,volume 8693},
pages = {740-755},
year = 2021,
journal = {Computer Vision - ECCV 2014},
}
@article{YOLO,
author = {Misbah Ahmad, Imran Ahmed, \and Awais Adnan},
title = {Overhead View Person Detection Using YOLO},
doi = {10.1109/UEMCON47517.2019.8992980},
booktitle = {10th Annual Ubiquitous Computing, Electronics & Mobile Communication Conference (UEMCON), IEEE},
pages = {0627-33},
year = 2019,
journal = {IEEE},
}

@article{YOLO4,
author = {Chuyi Li \and Lulu Li \and Yifei Geng \and Hongliang Jiang and Meng Cheng and Bo Zhang \and Zaidan Ke \and Xiaoming Xu \and Xiangxiang Chu.},
title = {YOLOv6 v3.0: A Full-Scale Reloading. In 2023 4th International Conference on Intelligent Computing and Human-Computer Interaction},
doi = {(ICHCI). IEEE},
booktitle = {ICHCI, IEEE},
pages = {xxx-xxx},
year = 2023,
journal = {IEEE},
}

@article{YOLO5,
author = {Yuan, Y. \and Chen, X. \and Wang, J.},
title = {Object-Contextual Representations for Semantic Segmentation. In Computer Vision},
doi = {ECCV IEEE},
booktitle = {ECCV},
pages = {173-190},
year = 2020,
journal = {ECCV},
}

@article{YOLO6,
author = {Godil, A., \and Shackleford, W.,\and Shneier, M., \and Bostelman, R., \and Hong, T.},
title = {Performance Metrics for Evaluating Object and Human Detection and Tracking Systems. National Institute of Standards and Technology},
doi = {ECCV IEEE},
booktitle = {ECCV},
pages = {173-190},
year = 2014,
journal = {ECCV},
}


@misc{Authors14b,
 author = {FirstName LastName},
 title = {Frobnication tutorial},
 note = {Supplied as supplemental material {\tt tr.pdf}},
 year = 2014
}

@article{Alpher02,
author = {FirstName Alpher},
title = {Frobnication},
journal = PAMI,
volume = 12,
number = 1,
pages = {234--778},
year = 2002
}

@article{Alpher03,
author = {FirstName Alpher and  FirstName Fotheringham-Smythe},
title = {Frobnication revisited},
journal = {Journal of Foo},
volume = 13,
number = 1,
pages = {234--778},
year = 2003
}

@article{Alpher04,
author = {FirstName Alpher and FirstName Fotheringham-Smythe and FirstName Gamow},
title = {Can a machine frobnicate?},
journal = {Journal of Foo},
volume = 14,
number = 1,
pages = {234--778},
year = 2004
}

@inproceedings{Alpher05,
author = {FirstName Alpher and FirstName Gamow},
title = {Can a computer frobnicate?},
booktitle = CVPR,
pages = {234--778},
year = 2005
}
